<?xml version="1.0" encoding="UTF-8"?><collection xmlns="http://www.loc.gov/MARC21/slim"><record><leader>00393nam--2200145-i-4500</leader><controlfield tag="001">000038503</controlfield><controlfield tag="002">20161230</controlfield><controlfield tag="005">20161230201041</controlfield><controlfield tag="008">060222s1000------------r-----000-0-eng-d</controlfield><datafield ind1=" " ind2=" " tag="080"><subfield code="a">669.017</subfield></datafield><datafield ind1=" " ind2=" " tag="100"><subfield code="a">Reed-hill,Robert E</subfield></datafield><datafield ind1=" " ind2=" " tag="245"><subfield code="a">Physical metallurgy principles</subfield></datafield><datafield ind1=" " ind2=" " tag="260"><subfield code="a">Princeton,N.J.D.Van Nostrand Co.Inc.,1964. X+630 P</subfield></datafield><datafield ind1=" " ind2=" " tag="490"><subfield code="a">Univ.Series In Basic Engineering</subfield></datafield><datafield ind1=" " ind2=" " tag="852"><subfield code="a">24475</subfield></datafield></record></collection>